<marc:record xmlns:marc="http://www.loc.gov/MARC21/slim" xmlns:xsi="http://www.w3.org/2001/XMLSchema-instance" xsi:schemaLocation="http://www.loc.gov/MARC21/slim http://www.loc.gov/standards/marcxml/schema/MARC21slim.xsd">
  <marc:leader>     cam a2200313 a 45M</marc:leader>
  <marc:controlfield tag="001">002921397</marc:controlfield>
  <marc:controlfield tag="003">NNU</marc:controlfield>
  <marc:controlfield tag="005">19940713181853.0</marc:controlfield>
  <marc:controlfield tag="008">880630m19691970ir h          000 0 ara d</marc:controlfield>
  <marc:datafield tag="035" ind1="9" ind2=" ">
    <marc:subfield code="a">NYUb10644204</marc:subfield>
  </marc:datafield>
  <marc:datafield tag="035" ind1=" " ind2=" ">
    <marc:subfield code="a">(CStRLIN)NYUG88-B22553</marc:subfield>
  </marc:datafield>
  <marc:datafield tag="035" ind1=" " ind2=" ">
    <marc:subfield code="a">GLIS00644204X</marc:subfield>
  </marc:datafield>
  <marc:datafield tag="040" ind1=" " ind2=" ">
    <marc:subfield code="a">MiU</marc:subfield>
    <marc:subfield code="c">MiU</marc:subfield>
    <marc:subfield code="d">NNU</marc:subfield>
  </marc:datafield>
  <marc:datafield tag="041" ind1="0" ind2=" ">
    <marc:subfield code="a">araper</marc:subfield>
  </marc:datafield>
  <marc:datafield tag="090" ind1=" " ind2=" ">
    <marc:subfield code="i">07/19/88 CT</marc:subfield>
  </marc:datafield>
  <marc:datafield tag="100" ind1="1" ind2=" ">
    <marc:subfield code="a">Mudarris, Muḥammad ʻAlī,</marc:subfield>
    <marc:subfield code="d">1879 or 80-1954 or 5.</marc:subfield>
  </marc:datafield>
  <marc:datafield tag="245" ind1="1" ind2="0">
    <marc:subfield code="a">Mukarrarāt al-Mudarris :</marc:subfield>
    <marc:subfield code="b">sharḥ al-Suyūṭī /</marc:subfield>
    <marc:subfield code="c">li-Muḥammad ʻAlī al-Mudarris al-Afghānī.</marc:subfield>
  </marc:datafield>
  <marc:datafield tag="250" ind1=" " ind2=" ">
    <marc:subfield code="a">al-Ṭabʻah 2. wa-fīhā ziyādāt muhimmah.</marc:subfield>
  </marc:datafield>
  <marc:datafield tag="260" ind1=" " ind2=" ">
    <marc:subfield code="a">Qum :</marc:subfield>
    <marc:subfield code="b">Intishārāt ʻAllāmah,</marc:subfield>
    <marc:subfield code="c">1969-1970.</marc:subfield>
  </marc:datafield>
  <marc:datafield tag="300" ind1=" " ind2=" ">
    <marc:subfield code="a">4 v. in 2 :</marc:subfield>
    <marc:subfield code="b">facsims. ;</marc:subfield>
    <marc:subfield code="c">25 cm.</marc:subfield>
  </marc:datafield>
  <marc:datafield tag="500" ind1=" " ind2=" ">
    <marc:subfield code="a">Arabic and Persian.</marc:subfield>
  </marc:datafield>
  <marc:datafield tag="500" ind1=" " ind2=" ">
    <marc:subfield code="a">Commentary on al-Bahjah al-marḍīyah, a book on Arabic grammar, by al-Suyūṭī with reference to his commentary on al-Alfīyah, by Muḥammad ibn ʻAbd Allāh ibn Mālik.</marc:subfield>
  </marc:datafield>
  <marc:datafield tag="500" ind1=" " ind2=" ">
    <marc:subfield code="a">Vol. 3/4: al-Ṭabʻah 4.</marc:subfield>
  </marc:datafield>
  <marc:datafield tag="650" ind1=" " ind2="0">
    <marc:subfield code="a">Arabic language</marc:subfield>
    <marc:subfield code="x">Grammar.</marc:subfield>
  </marc:datafield>
  <marc:datafield tag="700" ind1="1" ind2=" ">
    <marc:subfield code="a">Ibn Mālik, Muḥammad ibn ʻAbd Allāh,</marc:subfield>
    <marc:subfield code="d">d. 1274.</marc:subfield>
    <marc:subfield code="t">Alfīyah.</marc:subfield>
  </marc:datafield>
  <marc:datafield tag="700" ind1="0" ind2=" ">
    <marc:subfield code="a">Suyūṭī,</marc:subfield>
    <marc:subfield code="d">1445-1505.</marc:subfield>
    <marc:subfield code="t">Bahjah al-marḍīyah.</marc:subfield>
  </marc:datafield>
  <marc:datafield tag="950" ind1=" " ind2=" ">
    <marc:subfield code="l">BMAIN</marc:subfield>
    <marc:subfield code="a">PJ6101.S96</marc:subfield>
    <marc:subfield code="b">M45 1969</marc:subfield>
    <marc:subfield code="n">455:sl\Unanalyzed\</marc:subfield>
    <marc:subfield code="i">07/19/88 C</marc:subfield>
  </marc:datafield>
  <marc:datafield tag="955" ind1=" " ind2=" ">
    <marc:subfield code="l">BMAIN</marc:subfield>
    <marc:subfield code="c">1:v.3/4</marc:subfield>
    <marc:subfield code="q">88-B22553-1</marc:subfield>
    <marc:subfield code="r">013398972</marc:subfield>
    <marc:subfield code="i">07/19/88 C</marc:subfield>
  </marc:datafield>
  <marc:datafield tag="955" ind1=" " ind2=" ">
    <marc:subfield code="l">BMAIN</marc:subfield>
    <marc:subfield code="c">1:v.1/2</marc:subfield>
    <marc:subfield code="q">88-B22553-1</marc:subfield>
    <marc:subfield code="r">013398733</marc:subfield>
    <marc:subfield code="i">07/19/88 C</marc:subfield>
  </marc:datafield>
  <marc:datafield tag="998" ind1=" " ind2=" ">
    <marc:subfield code="a">07/19/88</marc:subfield>
    <marc:subfield code="t">b</marc:subfield>
    <marc:subfield code="s">9114</marc:subfield>
    <marc:subfield code="n">NNU</marc:subfield>
    <marc:subfield code="w">MIUG88B11733</marc:subfield>
    <marc:subfield code="d">06/30/88</marc:subfield>
    <marc:subfield code="c">PJV</marc:subfield>
    <marc:subfield code="b">PJV</marc:subfield>
    <marc:subfield code="i">880719</marc:subfield>
    <marc:subfield code="l">NYUG</marc:subfield>
  </marc:datafield>
</marc:record>
